<collection xmlns="http://www.loc.gov/MARC21/slim"><record><leader>00918nam  2200253   450</leader><controlfield tag="001">254</controlfield><controlfield tag="003">http://montalegre.opacnet.com/OPAC/default.aspx?ContentAreaControl=ShowRegHoldings.ascx&amp;RegNo=16662</controlfield><datafield tag="010" ind1=" " ind2=" "><subfield code="a">972-1-05414-3</subfield></datafield><datafield tag="021" ind1=" " ind2=" "><subfield code="a">PT</subfield><subfield code="b">216435/04</subfield></datafield><datafield tag="100" ind1=" " ind2=" "><subfield code="a">20051117d2005    m  y0pory0103    ba</subfield></datafield><datafield tag="101" ind1="1" ind2=" "><subfield code="a">por</subfield><subfield code="c">eng</subfield></datafield><datafield tag="102" ind1=" " ind2=" "><subfield code="a">PT</subfield></datafield><datafield tag="105" ind1=" " ind2=" "><subfield code="a">y   z   001yy</subfield></datafield><datafield tag="106" ind1=" " ind2=" "><subfield code="a">r</subfield></datafield><datafield tag="200" ind1="1" ind2=" "><subfield code="a">&lt;O &gt;código Da Vinci descodificado</subfield><subfield code="e">&lt;o &gt;guia não autorizado dos factos por detrás da ficção</subfield><subfield code="f">Simon Cox</subfield><subfield code="g">trad. Maria João Freire de Andrade</subfield></datafield><datafield tag="205" ind1=" " ind2=" "><subfield code="a">7ª ed</subfield></datafield><datafield tag="210" ind1=" " ind2=" "><subfield code="a">Mem Martins</subfield><subfield code="c">Europa-América</subfield><subfield code="d">2004</subfield></datafield><datafield tag="215" ind1=" " ind2=" "><subfield code="a">190, [3] p., [8] p. il</subfield><subfield code="c">il.</subfield><subfield code="d">23 cm</subfield></datafield><datafield tag="225" ind1="2" ind2=" "><subfield code="a">Portas do desconhecido</subfield><subfield code="v">98</subfield></datafield><datafield tag="304" ind1=" " ind2=" "><subfield code="a">Tít. orig.: Cracking the Da Vinci Code</subfield></datafield><datafield tag="700" ind1=" " ind2="1"><subfield code="a">Cox</subfield><subfield code="b">Simon</subfield><subfield code="3">1214256</subfield></datafield><datafield tag="702" ind1=" " ind2="1"><subfield code="a">Andrade</subfield><subfield code="b">Maria João Freire de</subfield><subfield code="4">730</subfield><subfield code="3">1146325</subfield></datafield><datafield tag="801" ind1=" " ind2="0"><subfield code="a">PT</subfield><subfield code="b">Biblioteca Municipal de Montalegre</subfield><subfield code="g">RPC</subfield></datafield><datafield tag="856" ind1=" " ind2=" "><subfield code="u">locateMedia.asp?cod=20060510162248&amp;ext=jpg</subfield><subfield code="z">CAPA</subfield></datafield><datafield tag="909" ind1="&#9;" ind2=" "><subfield code="a">1</subfield></datafield><datafield tag="966" ind1=" " ind2=" "><subfield code="a">0016062</subfield><subfield code="l">BMM</subfield><subfield code="s">SCG 821 COX cód</subfield></datafield></record></collection>